@article{spansk,
    author  = "J. Arias de Reyna",
    title   = "Complejidad de los n'umeros naturales",
    year    = "2000",
    journal = ""
}
